@misc{beef_consumption,
	title        = {Beef consumption by country 2024},
	howpublished = {\url{https://worldpopulationreview.com/country-rankings/beef-consumption-by-country}},
	year         = {2024},
	note         = {Accessed: 30-10-2024}
}

@misc{ramsay_steak,
	title = {},
	howpublished = {\url{https://hellskitchenrecipes.com/steak-gordon-ramsay-culinary-masterclass/}},
	year = {},
	note = {Accessed: 30-10-2024}
}

@misc{heston_steak,
	title = {},
	howpublished = {\url{https://everdurebyheston.com/blogs/recipes/hestons-ultimate-steak}},
	year = {},
	note = {Accessed: 30-10-2024}
}

@misc{kenji_steak,
	title = {},
	howpublished = {\url{https://www.seriouseats.com/reverse-seared-steak-recipe}},
	year = {},
	note = {Accessed: 30-10-2024}
}

@article{maillard,
	title = {Action des acides amines sur les sucres; formation de melanoidines par voie méthodique},
	journal = {Comptes Rendus},
	volume = {154},
	pages = {66-68},
	author = {Louis Camille Maillard},
	year = {1912}
}

@article{maillard_mechanism,
	title = {A review of Maillard reaction in food and implications to kinetic modelling},
	journal = {Trends in Food Science \& Technology},
	volume = {11},
	pages = {364-373},
	author = {Sara I.F.S. Martins and Wim M.F. Jongen and Martinus A.J.S. van Boekel},
	year = {2001}
}

@article{hodge_adapted,
	title = {Chemistry of Browning Reactions in Model Systems},
	journal = {Agricultural and Food Chemistry},
	volume = {1},
	pages = {928-943},
	author = {John E. Hodge},
	year = {1953}
}

@article{heat_equation, title={The Heat Equation}, author={Widder, D}, pages={5}, year={1976}}

@article{meat_diffusivity,
	title = {THERMOPHYSICAL PROPERTIES OF PROCESSED MEAT AND POULTRY PRODUCTS},
	journal = {Journal of Food Engineering},
	author = {Mich\`ele Marcotte and Ali R. Taherian},
	year = {2008}
}

@article{meat_diffusivity2,
	title = {Heat Transfer in Meat},
	journal = {Handbook of Molecular Gastronomy: Scientific Foundations and Culinary Applications},
	author = {Douglas Baldwin},
	year = {2019}
}

@misc{doneness,
	title = {Steak Temperature Chart | Visual Steak Doneness Guide},
	howpublished = {\url{https://www.omahasteaks.com/blog/steak-doneness-guide/}},
	year = {2024},
	note = {Accessed: 05-11-2024}
}

@article{turkey_2021,
	title = {Physics in turkey cooking: Revisit the Panofsky formula},
	journal = {AIP Advances},
	volume = {11},
	author = {Yifei Jin and Lisa R. Wang and Jian Jim Wang},
	year = {2021}
}

@article{steak_sear,
	title = {Effects of Searing Cooking on Sensory and Physicochemical Properties of Beef Steak},
	journal = {Food Science of Animal Resources},
	author = {Ji Hyun Yoo and Ji Won Kim and Hae In Yong and Ki Ho Baek and Hyun Jung Lee and Cheorun Jo},
	year = {2020},
	pages = {44-54}
}

@article{meat_cook_finite_elements,
	title = {MEAT COOKING SIMULATION BY FINITE ELEMENTS},
	journal = {},
	year = {2005},
	author = {Emmanuel Purlis and Viviana Salvadori}
}

@article{maillard_activation,
	title = {Kinetic modelling of the Maillard reaction between proteins and sugars},
	author = {C. M. J. Brands},
	year = {2002},
	pages = {53}
}

@article{acrylamide,
	title = {Acrylamide and 5-hydroxymethylfurfural (HMF): A review on metabolism, toxicity, occurrence in food and mitigation strategies},
	author = {Edoardo Capuano and Vincenzo Fogliano},
	year = {2011},
	pages = {793-810},
	journal = {LWT - Food Science and Technology},
	volume = {44},
	number = {4}
}

@article{steak_modelling,
	title = {Development and validation of a computational model for steak double-sided pan cooking},
	journal = {Journal of Food Engineering},
	volume = {298},
	year = {2021},
	author = {J. Moya and S. Lorente-Bailo and M.L. Salvador and A. Ferrer-Mairal and M.A. Martínez and B. Calvo and J. Grasa}
}

@article{arrhenius,
	title = {Über die Dissociationswärme und den Einfluss der Temperatur auf den Dissociationsgrad der Elektrolyte},
	author = {Svante Arrhenius},
	pages = {96-116},
	journal = {Zeitschrift für Physikalische Chemie},
	volume = {4}
}

@article{arrhenius_2,
	title = {Chemical Kinetics, Third Edition},
	author = {Keith J. Laidler},
	pages = {42},
	year = {1987}
}

@book{convection,
	title = {A Heat Transfer Textbook, 6th edition},
	author = {Lienhard V,John H. and Lienhard IV,John H.},
	pages = {276},
	year = {2024}
}

@article{heat_transfer_coeff,
	title = {UNKNOWN}
	
}

@article{maillard_temp,
	title = {Recalcitrant dissolved organic nitrogen formation in thermal hydrolysis pretreatment of municipal sludge},
	journal = {Environment International},
	volume = {138},
	year = {2020},
	author = {Dian Zhang and Yiming Feng and Haibo Huang and Wendell Khunjar and Zhi-Wu Wang}
}

@article{acrolein,
	title={Origin and fate of acrolein in foods},
	author={Jiang, Kaiyu and Huang, Caihuan and Liu, Fu and Zheng, Jie and Ou, Juanying and Zhao, Danyue and Ou, Shiyi},
	journal={Foods},
	volume={11},
	year={2022}
}

@article{water_content,
	title = {A structural approach to understanding the interactions between colour, water-holding capacity and tenderness},
	journal = {Meat Science},
	volume = {98},
	pages = {520-532},
	year = {2014},
	author = {J.M. Hughes and S.K. Oiseth and P.P. Purslow and R.D. Warner}
}

@misc{water,
	title={Water},
	howpublished={\url{https://webbook.nist.gov/cgi/cbook.cgi?ID=C7732185&Mask=FFFF&Units=SI}},
	author={NIST},
	note={Accessed: 13-11-2024}
}

@article{diffusion,
	author = {Fick, Adolf},
	title = {Ueber Diffusion},
	journal = {Annalen der Physik},
	volume = {170},
	pages = {59-86},
	year = {1855}
}

@article{myosin,
	title={Structure of the actin-myosin complex and its implications for muscle contraction},
	author={Rayment, Ivan and Holden, Hazel M and Whittaker, Michael and Yohn, Christopher B and Lorenz, Michael and Holmes, Kenneth C and Milligan, Ronald A},
	journal={Science},
	volume={261},
	pages={58-65},
	year={1993},
	publisher={American Association for the Advancement of Science}
}

@article{myoglobin,
	title={Myoglobin function reassessed},
	author={Wittenberg, Jonathan B and Wittenberg, Beatrice A},
	journal={Journal of experimental biology},
	volume={206},
	pages={2011-2020},
	year={2003},
	publisher={Company of Biologists}
}

@article{denature,
	title={Effect of protein denaturation degree on texture and water state of cooked meat},
	author={Ishiwatari, Naomi and Fukuoka, Mika and Sakai, Noboru},
	journal={Journal of Food engineering},
	volume={117},
	pages={361-369},
	year={2013},
	publisher={Elsevier}
}

@article{cfl_cond,
	author = {Khawaja, H.},
	title = {Applicability extent of 2-D heat equation for numerical analysis of a multiphysics problem},
	journal = {AIP Conference Proceedings},
	volume = {1798},
	year = {2017},
}

@book{carryover,
	title = {Understanding Food: Principles and Preparation},
	author = {Amy Brown},
	year = {2007},
	pages = {140}
}





